<record><leader>00000cas a22000007a 4500</leader><controlfield tag="001">13118448</controlfield><controlfield tag="008">860207d188019uucaucr ne      0    0eng d</controlfield><datafield ind1=" " ind2=" " tag="010"><subfield code="a">sn 86064456 </subfield></datafield><datafield ind1=" " ind2=" " tag="040"><subfield code="a">KSH</subfield><subfield code="b">eng</subfield><subfield code="c">KSH</subfield><subfield code="d">NPT</subfield><subfield code="d">NPV</subfield><subfield code="d">CNK</subfield><subfield code="d">OCLCQ</subfield></datafield><datafield ind1=" " ind2=" " tag="042"><subfield code="a">msc</subfield></datafield><datafield ind1="0" ind2=" " tag="130"><subfield code="a">Santa Rosa Republican (Santa Rosa, Calif. : 1880)</subfield></datafield><datafield ind1="1" ind2="0" tag="245"><subfield code="a">Santa Rosa Republican.</subfield></datafield><datafield ind1=" " ind2=" " tag="260"><subfield code="a">Santa Rosa, Calif. :</subfield><subfield code="b">J.B. Armstrong</subfield></datafield><datafield ind1=" " ind2=" " tag="300"><subfield code="a">v.</subfield></datafield><datafield ind1=" " ind2=" " tag="310"><subfield code="a">Semiweekly,</subfield><subfield code="b">&lt;Mar. 24, 1902&gt;</subfield></datafield><datafield ind1=" " ind2=" " tag="321"><subfield code="a">Weekly,</subfield><subfield code="b">Jan. 1, 1880-&lt;Mar. 30, 1893&gt;</subfield></datafield><datafield ind1="0" ind2=" " tag="362"><subfield code="a">Vol. 5, no. 52 (Jan. 1, 1880)-</subfield></datafield><datafield ind1=" " ind2="4" tag="651"><subfield code="a">Santa Rosa (Calif.)</subfield><subfield code="v">Newspapers.</subfield></datafield><datafield ind1=" " ind2=" " tag="752"><subfield code="a">United States</subfield><subfield code="b">California</subfield><subfield code="c">Sonoma</subfield><subfield code="d">Santa Rosa.</subfield></datafield><datafield ind1="0" ind2=" " tag="775"><subfield code="t">Daily Republican (Santa Rosa, Calif.)</subfield><subfield code="w">(DLC)sn 86064455</subfield></datafield><datafield ind1="0" ind2=" " tag="775"><subfield code="t">Santa Rosa Republican (Santa Rosa, Calif. : 1899)</subfield><subfield code="w">(DLC)sn 93053267</subfield></datafield><datafield ind1="0" ind2="0" tag="780"><subfield code="t">Santa Rosa times</subfield><subfield code="w">(DLC)sn 93052007</subfield></datafield><datafield ind1="1" ind2=" " tag="029"><subfield code="a">AU@</subfield><subfield code="b">000025819868</subfield></datafield></record>